<?xml version = "1.0" encoding = "UTF-8"?><record>
    <leader>01410nem#a2200301#c#4500</leader>
    <controlfield tag="005">20210409080036.0</controlfield>
    <controlfield tag="007">au#|||||</controlfield>
    <controlfield tag="008">121126|1757####xx########|###|#|###lat#c</controlfield>
    <controlfield tag="003">DE-605</controlfield>
    <controlfield tag="001">990193806600206441</controlfield>
    <datafield tag="016" ind1="7" ind2=" ">
      <subfield code="a">1073524504</subfield>
      <subfield code="2">OCoLC</subfield>
    </datafield>
    <datafield tag="035" ind1=" " ind2=" ">
      <subfield code="a">(DE-605)HT017468042</subfield>
    </datafield>
    <datafield tag="040" ind1=" " ind2=" ">
      <subfield code="a">6</subfield>
      <subfield code="b">ger</subfield>
      <subfield code="d">6</subfield>
      <subfield code="e">rakwb</subfield>
    </datafield>
    <datafield tag="041" ind1=" " ind2=" ">
      <subfield code="a">lat</subfield>
    </datafield>
    <datafield tag="044" ind1=" " ind2=" ">
      <subfield code="c">XA-DXDE</subfield>
    </datafield>
    <datafield tag="110" ind1="2" ind2=" ">
      <subfield code="a">Homannsche Erben</subfield>
      <subfield code="0">(DE-588)5293676-4</subfield>
      <subfield code="4">aut</subfield>
      <subfield code="0">(uri) https://portal.dnb.de/opac.htm?method=simpleSearch&amp;cqlMode=true&amp;query=idn=954570936</subfield>
      <subfield code="0">(uri) http://viaf.org/viaf/sourceID/DNB|954570936</subfield>
      <subfield code="B">GND-954570936</subfield>
    </datafield>
    <datafield tag="245" ind1="1" ind2="0">
      <subfield code="a">Territorium Seculare Episcopatus Monasterii Munster Germanis dicti. Ubi una cum Episcopatu Osnabr. simul integri Comitatus Bentheim, Steinfurt, Teklenburg, Lingen, Diepholz, Gemen conspiciuntur</subfield>
      <subfield code="c">Mappa publicata per Homannianos Heredes</subfield>
    </datafield>
    <datafield tag="255" ind1=" " ind2=" ">
      <subfield code="a">[ca. 1:420 000] (E 006 26 -E 008 47 /N 053 11 -N 051 37)</subfield>
    </datafield>
    <datafield tag="264" ind1=" " ind2="1">
      <subfield code="a">[N&#252;rnberg]</subfield>
      <subfield code="b">Homannianos Heredes</subfield>
      <subfield code="c">1757</subfield>
    </datafield>
    <datafield tag="300" ind1=" " ind2=" ">
      <subfield code="a">1 Kt. : grenzkolor., fl&#228;chenkolor., Kupferst.</subfield>
      <subfield code="c">46 x 48 cm</subfield>
    </datafield>
    <datafield tag="500" ind1=" " ind2=" ">
      <subfield code="a">Titelkartusche mit Ma&#223;stab geschm&#252;. mit 1 Wappen links Mitte</subfield>
      <subfield code="9">F:501</subfield>
    </datafield>
    <datafield tag="776" ind1="0" ind2="8">
      <subfield code="i">Reproduktion</subfield>
      <subfield code="a">Homannsche Erben</subfield>
      <subfield code="t">Territorium Seculare Episcopatus Monasterii Munster Germanis dicti. Ubi una cum Episcopatu Osnabr. simul integri Comitatus Bentheim, Steinfurt, Teklenburg, Lingen, Diepholz, Gemen conspiciuntur</subfield>
      <subfield code="w">(DE-605)CT005005181</subfield>
    </datafield>
    <datafield tag="964" ind1="0" ind2="s">
      <subfield code="F">030</subfield>
      <subfield code="A">a|1uc||||||27</subfield>
    </datafield>
    <datafield tag="964" ind1="0" ind2="s">
      <subfield code="F">050</subfield>
      <subfield code="A">||||||||||a|||</subfield>
    </datafield>
    <datafield tag="964" ind1="0" ind2="s">
      <subfield code="F">051</subfield>
      <subfield code="A">m|||||||</subfield>
    </datafield>
    <datafield tag="035" ind1=" " ind2=" ">
      <subfield code="a">(OCoLC)1073524504</subfield>
      <subfield code="0">(uri) http://www.worldcat.org/oclc/1073524504</subfield>
    </datafield>
    <datafield tag="035" ind1=" " ind2=" ">
      <subfield code="a">(DE-599)GBV305079123</subfield>
    </datafield>
    <datafield tag="035" ind1=" " ind2=" ">
      <subfield code="a">(DE-601)305079123</subfield>
    </datafield>
    <datafield tag="MBD" ind1=" " ind2=" ">
      <subfield code="M">49HBZ_NETWORK</subfield>
      <subfield code="i">990193806600206441</subfield>
      <subfield code="n">HBZ Network</subfield>
    </datafield>
    <datafield tag="MNG" ind1=" " ind2=" ">
      <subfield code="c">System</subfield>
      <subfield code="f">ILS</subfield>
      <subfield code="i">marc21</subfield>
      <subfield code="k">01</subfield>
      <subfield code="e">false</subfield>
      <subfield code="d">2021-04-09 08:00:36 Europe/Berlin</subfield>
      <subfield code="g">019380660-HBZ01</subfield>
      <subfield code="j">60</subfield>
      <subfield code="a">import</subfield>
      <subfield code="b">2021-04-05 21:22:23 Europe/Berlin</subfield>
    </datafield>
    <datafield tag="GKT" ind1="2" ind2=" ">
      <subfield code="a">Homanns Erben</subfield>
      <subfield code="A">GND</subfield>
      <subfield code="B">GND-954570936</subfield>
      <subfield code="C">410</subfield>
    </datafield>
    <datafield tag="GKT" ind1="2" ind2=" ">
      <subfield code="a">Johann Baptist Homann Erben</subfield>
      <subfield code="A">GND</subfield>
      <subfield code="B">GND-954570936</subfield>
      <subfield code="C">410</subfield>
    </datafield>
    <datafield tag="GKT" ind1="2" ind2=" ">
      <subfield code="a">Johann Baptist Homanns Erben</subfield>
      <subfield code="A">GND</subfield>
      <subfield code="B">GND-954570936</subfield>
      <subfield code="C">410</subfield>
    </datafield>
    <datafield tag="GKT" ind1="2" ind2=" ">
      <subfield code="a">Homa&#776;nnische Officin</subfield>
      <subfield code="A">GND</subfield>
      <subfield code="B">GND-954570936</subfield>
      <subfield code="C">410</subfield>
    </datafield>
    <datafield tag="GKT" ind1="2" ind2=" ">
      <subfield code="a">Hom&#230;nnische Officin</subfield>
      <subfield code="A">GND</subfield>
      <subfield code="B">GND-954570936</subfield>
      <subfield code="C">410</subfield>
    </datafield>
    <datafield tag="GKT" ind1="2" ind2=" ">
      <subfield code="a">Homa&#776;nnische Erben</subfield>
      <subfield code="A">GND</subfield>
      <subfield code="B">GND-954570936</subfield>
      <subfield code="C">410</subfield>
    </datafield>
    <datafield tag="GKT" ind1="2" ind2=" ">
      <subfield code="a">Homaennische Erben</subfield>
      <subfield code="A">GND</subfield>
      <subfield code="B">GND-954570936</subfield>
      <subfield code="C">410</subfield>
    </datafield>
    <datafield tag="GKT" ind1="2" ind2=" ">
      <subfield code="a">Homannische Erben</subfield>
      <subfield code="A">GND</subfield>
      <subfield code="B">GND-954570936</subfield>
      <subfield code="C">410</subfield>
    </datafield>
    <datafield tag="GKT" ind1="2" ind2=" ">
      <subfield code="a">Homanniani Heredes</subfield>
      <subfield code="A">GND</subfield>
      <subfield code="B">GND-954570936</subfield>
      <subfield code="C">410</subfield>
    </datafield>
    <datafield tag="GKT" ind1="2" ind2=" ">
      <subfield code="a">Homan. Hered.</subfield>
      <subfield code="A">GND</subfield>
      <subfield code="B">GND-954570936</subfield>
      <subfield code="C">410</subfield>
    </datafield>
    <datafield tag="GKT" ind1="2" ind2=" ">
      <subfield code="a">Homann Heredibus</subfield>
      <subfield code="A">GND</subfield>
      <subfield code="B">GND-954570936</subfield>
      <subfield code="C">410</subfield>
    </datafield>
    <datafield tag="GKT" ind1="2" ind2=" ">
      <subfield code="a">Homannianis Heredibus</subfield>
      <subfield code="A">GND</subfield>
      <subfield code="B">GND-954570936</subfield>
      <subfield code="C">410</subfield>
    </datafield>
    <datafield tag="GKT" ind1="2" ind2=" ">
      <subfield code="a">Homannianus Heredus</subfield>
      <subfield code="A">GND</subfield>
      <subfield code="B">GND-954570936</subfield>
      <subfield code="C">410</subfield>
    </datafield>
    <datafield tag="GKT" ind1="2" ind2=" ">
      <subfield code="a">Homannianos Heredes</subfield>
      <subfield code="A">GND</subfield>
      <subfield code="B">GND-954570936</subfield>
      <subfield code="C">410</subfield>
    </datafield>
    <datafield tag="GKT" ind1="2" ind2=" ">
      <subfield code="a">Homann Heredib.</subfield>
      <subfield code="A">GND</subfield>
      <subfield code="B">GND-954570936</subfield>
      <subfield code="C">410</subfield>
    </datafield>
    <datafield tag="GKT" ind1="2" ind2=" ">
      <subfield code="a">Heritiers de Homann</subfield>
      <subfield code="A">GND</subfield>
      <subfield code="B">GND-954570936</subfield>
      <subfield code="C">410</subfield>
    </datafield>
    <datafield tag="GKT" ind1="2" ind2=" ">
      <subfield code="a">Heritiers de Homan</subfield>
      <subfield code="A">GND</subfield>
      <subfield code="B">GND-954570936</subfield>
      <subfield code="C">410</subfield>
    </datafield>
    <datafield tag="GKT" ind1="2" ind2=" ">
      <subfield code="a">Officina Homanniana</subfield>
      <subfield code="A">GND</subfield>
      <subfield code="B">GND-954570936</subfield>
      <subfield code="C">410</subfield>
    </datafield>
    <datafield tag="GKT" ind1="2" ind2=" ">
      <subfield code="a">Homanni Heredes</subfield>
      <subfield code="A">GND</subfield>
      <subfield code="B">GND-954570936</subfield>
      <subfield code="C">410</subfield>
    </datafield>
    <datafield tag="GKT" ind1="2" ind2=" ">
      <subfield code="a">Homannische Erben</subfield>
      <subfield code="A">GND</subfield>
      <subfield code="B">GND-954570936</subfield>
      <subfield code="C">410</subfield>
    </datafield>
    <datafield tag="GKT" ind1="2" ind2=" ">
      <subfield code="a">Verlag Homann</subfield>
      <subfield code="A">GND</subfield>
      <subfield code="B">GND-954570936</subfield>
      <subfield code="C">410</subfield>
    </datafield>
    <datafield tag="GKT" ind1="2" ind2=" ">
      <subfield code="a">Homann, Verlag</subfield>
      <subfield code="A">GND</subfield>
      <subfield code="B">GND-954570936</subfield>
      <subfield code="C">410</subfield>
    </datafield>
    <datafield tag="GKT" ind1="2" ind2=" ">
      <subfield code="a">Homa&#776;nnischer Verlag</subfield>
      <subfield code="A">GND</subfield>
      <subfield code="B">GND-954570936</subfield>
      <subfield code="C">410</subfield>
    </datafield>
    <datafield tag="GKT" ind1="2" ind2=" ">
      <subfield code="a">Homannische Offizin</subfield>
      <subfield code="A">GND</subfield>
      <subfield code="B">GND-954570936</subfield>
      <subfield code="C">410</subfield>
    </datafield>
    <datafield tag="GKT" ind1="2" ind2=" ">
      <subfield code="a">Homannische Officin</subfield>
      <subfield code="A">GND</subfield>
      <subfield code="B">GND-954570936</subfield>
      <subfield code="C">410</subfield>
    </datafield>
    <datafield tag="GKT" ind1="2" ind2=" ">
      <subfield code="a">Homannische Handlung</subfield>
      <subfield code="A">GND</subfield>
      <subfield code="B">GND-954570936</subfield>
      <subfield code="C">410</subfield>
    </datafield>
    <datafield tag="GKT" ind1="2" ind2=" ">
      <subfield code="a">Homannische Buchhandlung</subfield>
      <subfield code="A">GND</subfield>
      <subfield code="B">GND-954570936</subfield>
      <subfield code="C">410</subfield>
    </datafield>
    <datafield tag="GKT" ind1="2" ind2=" ">
      <subfield code="a">Homa&#776;nnische Buchhandlung</subfield>
      <subfield code="A">GND</subfield>
      <subfield code="B">GND-954570936</subfield>
      <subfield code="C">410</subfield>
    </datafield>
    <datafield tag="GKT" ind1="2" ind2=" ">
      <subfield code="a">Bureau Geographique de Homann</subfield>
      <subfield code="A">GND</subfield>
      <subfield code="B">GND-954570936</subfield>
      <subfield code="C">410</subfield>
    </datafield>
    <datafield tag="GKT" ind1="2" ind2=" ">
      <subfield code="a">Heritiers d&apos;Homann</subfield>
      <subfield code="A">GND</subfield>
      <subfield code="B">GND-954570936</subfield>
      <subfield code="C">410</subfield>
    </datafield>
    <datafield tag="GKT" ind1="2" ind2=" ">
      <subfield code="a">Coheredis Homanniani</subfield>
      <subfield code="A">GND</subfield>
      <subfield code="B">GND-954570936</subfield>
      <subfield code="C">410</subfield>
    </datafield>
    <datafield tag="GKT" ind1="2" ind2=" ">
      <subfield code="a">Homann-Verlag</subfield>
      <subfield code="9">v:Vorlage</subfield>
      <subfield code="A">GND</subfield>
      <subfield code="B">GND-954570936</subfield>
      <subfield code="C">410</subfield>
    </datafield>
    <datafield tag="GKT" ind1="2" ind2=" ">
      <subfield code="a">Heredes Hommanianes</subfield>
      <subfield code="A">GND</subfield>
      <subfield code="B">GND-954570936</subfield>
      <subfield code="C">410</subfield>
    </datafield>
    <datafield tag="GKT" ind1="2" ind2=" ">
      <subfield code="a">Homannianes Heredes</subfield>
      <subfield code="A">GND</subfield>
      <subfield code="B">GND-954570936</subfield>
      <subfield code="C">410</subfield>
    </datafield>
    <datafield tag="GKT" ind1="2" ind2=" ">
      <subfield code="a">Homannianis Heredibus</subfield>
      <subfield code="A">GND</subfield>
      <subfield code="B">GND-954570936</subfield>
      <subfield code="C">410</subfield>
    </datafield>
    <datafield tag="GSI" ind1="7" ind2=" ">
      <subfield code="a">http://d-nb.info/gnd/5293676-4</subfield>
      <subfield code="2">uri</subfield>
      <subfield code="A">GND</subfield>
      <subfield code="B">GND-954570936</subfield>
      <subfield code="C">024</subfield>
    </datafield>
  </record>